% This file was created with JabRef 2.10.
% Encoding: UTF-8


@Misc{apache-storm-mqtt,
  Title                    = {Storm MQTT Integration},

  Author                   = {Apache storm},
  HowPublished             = {Apache storm website},

  Owner                    = {arnav},
  Timestamp                = {2017.11.05},
  Url                      = {http://storm.apache.org/releases/1.1.0/storm-mqtt.html}
}

@Misc{hivemq-details,
  Title                    = {MQTT Essentials Part 2: Publish \& Subscribe},

  Author                   = {Hive mq},
  HowPublished             = {HiveMQ website},

  Owner                    = {arnav},
  Timestamp                = {2017.11.06},
  Url                      = {https://www.hivemq.com/blog/mqtt-essentials-part2-publish-subscribe}
}

@Misc{mqtt-security-fundamentals,
  Title                    = {Introducing the MQTT Security Fundamentals},

  Author                   = {Hive mq},
  HowPublished             = {hive mq website},

  Owner                    = {arnav},
  Timestamp                = {2017.11.05},
  Url                      = {https://www.hivemq.com/blog/introducing-the-mqtt-security-fundamentals}
}

@Article{abril07,
  Title                    = {The patent holder's dilemma: Buy, sell, or troll?},
  Author                   = {Patricia S. Abril and Robert Plant},
  Journal                  = {Communications of the ACM},
  Year                     = {2007},

  Month                    = jan,
  Number                   = {1},
  Pages                    = {36--44},
  Volume                   = {50},

  Doi                      = {10.1145/1188913.1188915},
  Url                      = {http://doi.acm.org/10.1145/1219092.1219093}
}

@Misc{apache-storm,
  Title                    = {apache storm},

  Author                   = {apache},
  HowPublished             = {apache storm website},

  Owner                    = {arnav},
  Timestamp                = {2017.11.06},
  Url                      = {http://storm.apache.org/}
}

@Misc{mqtt-vs-http,
  Title                    = {Why MQTT is the Protocol of Choice for the IoT},

  Author                   = {Paul Caponetti},
  HowPublished             = {xively.com blog website},
  Month                    = {augist},
  Year                     = {2017},

  Owner                    = {arnav},
  Timestamp                = {2017.11.05},
  Url                      = {http://blog.xively.com/why-mqtt-is-the-protocol-of-choice-for-the-iot/}
}

@Misc{cloudmesh.pi,
  Title                    = {cloudmesh.pi},

  Author                   = {cloudmesh},
  HowPublished             = {github},
  Month                    = {ocober},
  Year                     = {2017},

  Owner                    = {arnav},
  Timestamp                = {2017.11.06},
  Url                      = {https://github.com/cloudmesh/cloudmesh.pi}
}

@Misc{ibm-mqtt-security,
  Title                    = {MQTT security: Who are you? Can you prove it? What can you do?},

  Author                   = {Ian Craggs},
  HowPublished             = {IBM developer works website},
  Month                    = {march},
  Year                     = {2013},

  Owner                    = {arnav},
  Timestamp                = {2017.11.05},
  Url                      = {https://www.ibm.com/developerworks/community/blogs/c565c720-fe84-4f63-873f-607d87787327/entry/mqtt_security?lang=en}
}

@Misc{eclipse-mosquitto,
  Title                    = {mqtt broker},

  Author                   = {eclipse},
  HowPublished             = {eclipse mosquitto website},

  Owner                    = {arnav},
  Timestamp                = {2017.11.05},
  Url                      = {https://mosquitto.org/}
}

@Misc{python-paho-mqtt,
  Title                    = {Python Client - documentation},

  Author                   = {eclipse paho},
  HowPublished             = {eclipse paho wensite},

  Owner                    = {arnav},
  Timestamp                = {2017.11.05},
  Url                      = {https://www.eclipse.org/paho/clients/python/docs/}
}

@Misc{elk-stack,
  Title                    = {ELK stack},

  Author                   = {elastic.io},
  HowPublished             = {elastic.io website},

  Owner                    = {arnav},
  Timestamp                = {2017.11.06},
  Url                      = {https://www.elastic.co/products}
}

@Misc{erlang-mqtt-broker,
  Title                    = {erlang mqtt broker},

  Author                   = {erlang-mqtt},
  HowPublished             = {wmqtt website},

  Owner                    = {arnav},
  Timestamp                = {2017.11.05},
  Url                      = {http://emqtt.io/docs/v2/index.html}
}

@Misc{hivemq-security-oauth,
  Title                    = {MQTT Security Fundamentals: OAuth 2.0 \& MQTT},

  Author                   = {hive mq},
  HowPublished             = {hivemq website},

  Owner                    = {arnav},
  Timestamp                = {2017.11.05},
  Url                      = {https://www.hivemq.com/blog/mqtt-security-fundamentals-oauth-2-0-mqtt}
}

@Misc{hivemq-website,
  Title                    = {intrwebsite mqtt},

  Author                   = {hivemq},
  HowPublished             = {hivemq website},

  Owner                    = {arnav},
  Timestamp                = {2017.11.05},
  Url                      = {https://www.hivemq.com/blog/mqtt-essentials-part-1-introducing-mqtt}
}

@Misc{grovepi,
  Title                    = {Grovepi},

  Author                   = {Dexter Industries},
  HowPublished             = {Dexteer Industries website},
  Year                     = {2017},

  Owner                    = {arnav},
  Timestamp                = {2017.11.06},
  Url                      = {https://www.dexterindustries.com/grovepi/}
}

@Misc{influxdata-iot-monitoring-mqtt,
  Title                    = {Monitoring IoT Devices Using MQTT},

  Author                   = {influx data},
  HowPublished             = {influx data website},

  Owner                    = {arnav},
  Timestamp                = {2017.11.05},
  Url                      = {https://www.influxdata.com/integration/mqtt-monitoring/}
}

@Misc{hivemq-qos,
  Title                    = {MQTT Essentials Part 6: Quality of Service 0, 1 \& 2},

  Author                   = {Hive MQ},
  HowPublished             = {Hivemq website},

  Owner                    = {arnav},
  Timestamp                = {2017.11.06},
  Url                      = {https://www.hivemq.com/blog/mqtt-essentials-part-6-mqtt-quality-of-service-levels}
}

@Misc{mqtt-sec-ssl,
  Title                    = {MQTT Security Fundamentals: TLS / SSL},

  Author                   = {Hive Mq},
  HowPublished             = {hive mq website},

  Owner                    = {arnav},
  Timestamp                = {2017.11.05},
  Url                      = {https://www.hivemq.com/blog/mqtt-security-fundamentals-tls-ssl}
}

@Misc{mqtt-official,
  Title                    = {Mqtt official website},

  Author                   = {Mqtt},
  HowPublished             = {mqtt official website},

  Owner                    = {arnav},
  Timestamp                = {2017.11.05},
  Url                      = {http://mqtt.org/}
}

@Misc{iot-design-mqtt-security,
  Title                    = {Transport-level security tradeoffs using MQTT},

  Author                   = {Todd Ouska},
  HowPublished             = {iot design website},
  Month                    = {February},
  Year                     = {2016},

  Owner                    = {arnav},
  Timestamp                = {2017.11.05},
  Url                      = {http://iotdesign.embedded-computing.com/guest-blogs/transport-level-security-tradeoffs-using-mqtt/}
}

@Misc{mqtt-kibana-plumbery,
  Title                    = {Swarm of IP pingers coordinated with MQTT and reported in Kibana},

  Author                   = {plumbery},
  HowPublished             = {plumberry read the docs},
  Month                    = {March},
  Year                     = {2016},

  Owner                    = {arnav},
  Timestamp                = {2017.11.05},
  Url                      = {http://plumbery.readthedocs.io/en/latest/tutorial.mqtt.pinger.swarm.html}
}

@Misc{how-mqtt-works,
  Title                    = {What is MQTT and How It Works},

  Author                   = {random nerds tutorial},
  HowPublished             = {random nerds website},

  Owner                    = {arnav},
  Timestamp                = {2017.11.05},
  Url                      = {https://randomnerdtutorials.com/what-is-mqtt-and-how-it-works/}
}

@Misc{grove-led,
  Title                    = {Grove LED socket kit},

  Author                   = {seed studio},
  HowPublished             = {Seed studio website},
  Month                    = {October},
  Year                     = {2017},

  Owner                    = {arnav},
  Timestamp                = {2017.11.06},
  Url                      = {http://wiki.seeed.cc/Grove-LED_Socket_Kit/}
}

@Misc{dzone-mqtt-security,
  Title                    = {MQTT Security Fundamentals},

  Author                   = {Prabath Siriwardena},
  HowPublished             = {Dzone website},
  Month                    = {september},
  Year                     = {2015},

  Owner                    = {arnav},
  Timestamp                = {2017.11.05},
  Url                      = {https://dzone.com/articles/mqtt-security-fundamentals}
}

@Misc{kibana-mqtt-analysis,
  Title                    = {MQTT and Kibana – Open source Graphs and Analysis for IoT},

  Author                   = {smart factory},
  HowPublished             = {smart factory website},
  Month                    = {May},
  Year                     = {2016},

  Owner                    = {arnav},
  Timestamp                = {2017.11.05},
  Url                      = {https://smart-factory.net/mqtt-and-kibana-open-source-graphs-and-analysis-for-iot/}
}

@Misc{mqtt-elasticsearch-setup,
  Title                    = {Storing IoT data using open source. MQTT and ElasticSearch – Tutorial},

  Author                   = {smart factory},
  HowPublished             = {smart factory website},
  Month                    = {october},
  Year                     = {2016},

  Owner                    = {arnav},
  Timestamp                = {2017.11.05},
  Url                      = {https://smart-factory.net/mqtt-elasticsearch-setup/}
}

@Misc{grove-relay,
  Title                    = {Grove Relay},

  Author                   = {Seed Studio},
  HowPublished             = {seed studio website},
  Month                    = {October},
  Year                     = {2017},

  Owner                    = {arnav},
  Timestamp                = {2017.11.06},
  Url                      = {http://wiki.seeed.cc/Grove-Relay/}
}

@Misc{apache-storm-wiki,
  Title                    = {Storm (event processor) --- Wikipedia{,} The Free Encyclopedia},

  Author                   = {Wikipedia},
  Note                     = {[Online; accessed 6-November-2017]},
  Year                     = {2017},

  Url                      = {https://en.wikipedia.org/w/index.php?title=Storm_(event_processor)&oldid=808771136}
}

@Misc{mqtt-wiki,
  Title                    = {MQTT --- Wikipedia{,} The Free Encyclopedia},

  Author                   = {Wikipedia},
  Month                    = {November},
  Note                     = {[Online; accessed 6-November-2017]},
  Year                     = {2017},

  Url                      = {https://en.wikipedia.org/w/index.php?title=MQTT&oldid=808683219}
}

