% This file was created with JabRef 2.10.
% Encoding: UTF-8


@String { Academic            = {Academic Press} }
@String { ACMMathSoft         = {{ACM} Transactions on Mathematical Software} }
@String { ACMPress            = {{ACM} Press} }
@String { AdamHilger          = {Adam Hilger} }
@String { AddisonWesley       = {Addison-Wesley} }
@String { AllynBacon          = {Allyn and Bacon} }
@String { AmerMathMonthly     = {American Mathematical Monthly} }
@String { AmerSocio           = {American Journal of Sociology} }
@String { AmerStatAssoc       = {Journal of the American Statistical Association} }
@String { AMS                 = {American Mathematical Society} }
@String { AMSTrans            = {American Mathematical Society Translations} }
@String { ApplMathComp        = {Applied Mathematics and Computation} }
@String { Birkhauser          = {Birkha{\"u}ser} }
@String { BIT                 = {{BIT}} }
@String { BritStatPsych       = {British Journal of Mathematical and Statistical
 Psychology} }
@String { BullAMS             = {Bulletin of the American Mathematical Society} }
@String { CACM                = {Communications of the {ACM}} }
@String { CambridgePress      = {Cambridge University Press} }
@String { CanMathBull         = {Canadian Mathematical Bulletin} }
@String { Chelsea             = {Chelsea} }
@String { ClaredonPress       = {Claredon Press} }
@String { CompApplMath        = {Journal of Computational and Applied Mathematics} }
@String { CompJour            = {The Computer Journal} }
@String { CompPhys            = {Journal of Computational Physics} }
@String { CompServ            = {Comput. Surveys} }
@String { CompStruct          = {Computers and Structures} }
@String { CompSysSci          = {Journal of Computer and System Sciences} }
@String { Computer            = {{IEEE} Computer} }
@String { Computing           = {Computing} }
@String { ContempMath         = {Contemporary Mathematics} }
@String { Crelle              = {Crelle's Journal} }
@String { DoverPub            = {Dover Publications} }
@String { Eyolles             = {Eyolles} }
@String { GiornaleMath        = {Giornale di Mathematiche} }
@String { HoltRinehartWinston = {Holt, Rinehart and Winston} }
@String { IEEESpec            = {{IEEE} Spectrum} }
@String { IEEETransAC         = {{IEEE} Transactions on Automatic Control} }
@String { IEEETransAeroElec   = {{IEEE} Transactions on Aerospace and Electronic
 Systems} }
@String { IEEETransComp       = {{IEEE} Transactions on Computers} }
@String { IMANumerAna         = {{IMA} Journal of Numerical Analysis} }
@String { InfProcLet          = {Information Processing Letters} }
@String { InstMathApp         = {Journal of the Institute of Mathematics and
 its Applications} }
@String { IntControl          = {International Journal of Control} }
@String { Interscience        = {Interscience} }
@String { IntNumerEng         = {International Journal for Numerical Methods in
 Engineering} }
@String { IntSuper            = {International Journal of Supercomputing Applications} }
@String { JACM                = {J. ACM} }
@String { JohnsHopkinsPress   = {The Johns Hopkins University Press} }
@String { JohnWileySons       = {John Wiley and Sons} }
@String { JResNatBurStand     = {Journal of Research of the National Bureau
 of Standards} }
@String { JSIAM               = {Journal of the Society for Industrial and Applied
 Mathematics} }
@String { JSIAMB              = {Journal of the Society for Industrial and Applied
 Mathematics, Series B, Numerical Analysis} }
@String { Kibernetika         = {Kibernetika} }
@String { LinAlgApp           = {Linear Algebra and its Applications} }
@String { Macmillan           = {Macmillan} }
@String { MathAnaAppl         = {Journal of Mathematical Analysis and Applications} }
@String { MathAnnalen         = {Mathematische Annalen} }
@String { MathComp            = {Mathematics of Computation} }
@String { MathPhys            = {Journal of Mathematical Physics} }
@String { MathScand           = {Mathematica Scandinavica} }
@String { MathWorks           = {The Math Works Inc.} }
@String { McGrawHill          = {McGraw-Hill} }
@String { NatBurStd           = {National Bureau of Standards} }
@String { NorthHolland        = {North-Holland} }
@String { NumerMath           = {Numerische Mathematik} }
@String { OxfordPress         = {Oxford University Press} }
@String { PacificMath         = {Pacific Journal of Mathematics} }
@String { ParComputing        = {Parallel Computing} }
@String { ParDistComp         = {Journal of Parallel and Distributed Computing} }
@String { PergamonPress       = {Pergamon Press} }
@String { PhilMag             = {Philosophical Magazine} }
@String { PlenumPress         = {Plenum Press} }
@String { PrenticeHall        = {Prentice-Hall} }
@String { ProcAMS             = {Proceedings of the American Mathematical Society} }
@String { ProcIEEE            = {Proceedings of the {IEEE}} }
@String { ProcNAS             = {Proceedings of the National Academy of Sciences
 of the USA} }
@String { Psychometrika       = {Psychometrika} }
@String { QuartApplMath       = {Quarterly of Applied Mathematics} }
@String { QuartMath           = {Quarterly Journal of Mathematics, Oxford, Series (2)} }
@String { RevueInstStat       = {Review of the International Statisical Institute} }
@String { SIAMAlgMeth         = {{SIAM} Journal on Algebraic and Discrete Methods} }
@String { SIAMAppMath         = {{SIAM} Journal on Applied Mathematics} }
@String { SIAMComp            = {{SIAM} Journal on Computing} }
@String { SIAMMatrix          = {{SIAM} Journal on Matrix Analysis and Applications} }
@String { SIAMNumAnal         = {{SIAM} Journal on Numerical Analysis} }
@String { SIAMPub             = {{SIAM} Publications} }
@String { SIAMReview          = {{SIAM} Review} }
@String { SIAMSciStat         = {{SIAM} Journal on Scientific and Statistical
 Computing} }
@String { SIGNUM              = {{ACM} {SIGNUM} Newsletter} }
@String { SoftPracExp         = {Software Practice and Experience} }
@String { Springer            = {Springer-Verlag} }
@String { StatScience         = {Statistical Science} }
@String { TablesAidsComp      = {Mathematical Tables and Other Aids to Computation} }
@String { Techno              = {Technometrics} }
@String { TexasPress          = {University of Texas Press} }
@String { TransAMS            = {Transactions of the American Mathematical Society} }
@String { USSRCompMathPhys    = {{USSR} Computational Mathematics and Mathematical
 Physics} }
@String { VanNostrand         = {Van Nostrand} }
@String { VLSICompSys         = {Journal of {VLSI} and Computer Systems} }
@String { WHFreeman           = {W. H. Freeman and Co.} }
@String { ZAngewMathMech      = {Zeitschrift fur Angewandte Mathematik und
 Mechanik} }
@String { ZAngewMathPhys      = {Zeitschrift fur Angewandte Mathematik und Physik} }

@Misc{ibm_iot_edge,
  Title                    = {Ready for the disruption from edge computing?},

  Author                   = {Amyx, Scott},
  HowPublished             = {IBM iot blog},
  Month                    = {August},
  Year                     = {2016},

  Owner                    = {arnav},
  Timestamp                = {2017.09.22},
  Url                      = {https://www.ibm.com/blogs/internet-of-things/edge-computing/}
}

@Misc{open_stack_living_on_edge,
  Title                    = {Why OpenStack is living on the edge},

  Author                   = {Baker, Jason},
  HowPublished             = {opensource.com blog},
  Month                    = {May},
  Year                     = {2017},

  Owner                    = {arnav},
  Timestamp                = {2017.09.22},
  Url                      = {https://opensource.com/article/17/5/openstack-summit-news}
}

@Misc{rt_insights_iiot,
  Title                    = {Why the Industrial IoT Needs an Open-Source Edge Platform},

  Author                   = {Foster, Andrew},
  Month                    = {july},
  Year                     = {2017},

  Owner                    = {arnav},
  Timestamp                = {2017.09.22},
  Url                      = {https://www.rtinsights.com/why-the-industrial-iot-needs-an-open-source-edge-platform/}
}

@Misc{open_stack_verizon,
  Title                    = {Pushing the edges with OpenStack},

  Author                   = {Martinelli, Nicole},
  HowPublished             = {Open Stack Articles},
  Month                    = {May},
  Year                     = {2017},

  Owner                    = {arnav},
  Timestamp                = {2017.09.22},
  Url                      = {http://superuser.openstack.org/articles/edge-computing-verizon-openstack/}
}

@Misc{ibm_data_streaming_analytics,
  Title                    = {Incorporate streaming analytics in the Internet of Things},

  Author                   = {Patwardhan , Avi},
  HowPublished             = {IBM data and analytics hub blog},
  Month                    = {october},
  Year                     = {2016},

  Owner                    = {arnav},
  Timestamp                = {2017.09.22},
  Url                      = {http://www.ibmbigdatahub.com/blog/incorporate-streaming-analytics-internet-things}
}

@Misc{ieee_iot_cloud_analytics_newsletter,
  Title                    = {IoT Analytics Across Edge and Cloud Platforms},

  Author                   = {Simmhan, Yogesh},
  HowPublished             = {IEEE IOT Newsletter},
  Month                    = {May},
  Year                     = {2017},

  Owner                    = {arnav},
  Timestamp                = {2017.09.22},
  Url                      = {https://iot.ieee.org/newsletter/may-2017/iot-analytics-across-edge-and-cloud-platforms.html}
}

